@inproceedings{Garimella,
author = {Garimella, Rao and Kim, Jibum and Berndt, Markus},
year = {2013},
month = {10},
pages = {},
title = "{Polyhedral Mesh Generation and Optimization for Non-manifold Domains}",
journal = {IMR}
}

@Book{Edelsbrunner,
author = {Edelsbrunner, Herbert},
title = {Geometry and Topology for Mesh Generation},
publisher = "{Cambridge University Press}",
year = {2001},
series = "{Cambridge Monographs on Applied and Computational Mathematics}",
}

@Unpublished{delnotes,
author = {Shewchuk, Jonathan Richard},
title = "{Lecture Notes on Delaunay Mesh Generation}",
month = {February},
year = {2012},
}


