@Misc{Paraview,
key = "Par",
title = "{Paraview}",
howpublished = "{\url{https://www.paraview.org/}}"
}

@Misc{MeshLab,
key = "ML",
title = "{MeshLab}",
howpublished = "{\url{https://www.meshlab.net/}}"
}

@Misc{CloudCompare,
key = "CC",
title = "{CloudCompare}",
howpublished = "{\url{https://www.danielgm.net/cc/}}",
note = "{\og 3D point cloud and mesh processing software, Open Source Project\fg{}}"
}

@Misc{QtCreator,
key = "Qt",
title = "{QtCreator}",
howpublished = "{\url{https://doc.qt.io/qtcreator/index.html}}",
note = "{Environnement de développement intégré multi-plateforme}"
}

@Misc{Git,
key = "Git",
title = "{Git}",
howpublished = "{\url{https://git-scm.com/}}",
note = "{\og Free and open source distributed version control system \fg{}}"
}

@Misc{Eigen,
key = "Eigen",
title = "{Eigen}",
howpublished = "{\url{http://eigen.tuxfamily.org/index.php}}",
note = "{\og C++ template library for linear algebra: matrices, vectors, numerical solvers, and related algorithms \fg{}}"
}